<record><leader>00000cas a22000007a 4500</leader><controlfield tag="001">16707196</controlfield><controlfield tag="008">870918c194u9999txuwr ne      0    0eng d</controlfield><datafield ind1=" " ind2=" " tag="010"><subfield code="a">sn 87090783 </subfield></datafield><datafield ind1=" " ind2=" " tag="040"><subfield code="a">PPM</subfield><subfield code="b">eng</subfield><subfield code="c">PPM</subfield><subfield code="d">OCLCQ</subfield></datafield><datafield ind1=" " ind2=" " tag="042"><subfield code="a">msc</subfield></datafield><datafield ind1="0" ind2="4" tag="245"><subfield code="a">The Jack County herald.</subfield></datafield><datafield ind1=" " ind2=" " tag="260"><subfield code="a">Bryson, Jack Co., Tex. :</subfield><subfield code="b">Herald Pub. Co.</subfield></datafield><datafield ind1=" " ind2=" " tag="310"><subfield code="a">Weekly</subfield></datafield><datafield ind1=" " ind2=" " tag="515"><subfield code="a">Published in Bryson, Tex.: &lt;Jan. 7-Dec. 30, 1949&gt;; published in Jacksboro, Tex.: &lt;May 4, 1950&gt;-</subfield></datafield><datafield ind1=" " ind2=" " tag="530"><subfield code="a">Available on microfilm from the Center for American History, University of Texas at Austin.</subfield></datafield><datafield ind1=" " ind2=" " tag="588"><subfield code="a">Description based on: Vol. 3, no. 31 (Jan. 7, 1949).</subfield></datafield><datafield ind1=" " ind2=" " tag="752"><subfield code="a">United States</subfield><subfield code="b">Texas</subfield><subfield code="c">Jack</subfield><subfield code="d">Bryson.</subfield></datafield><datafield ind1=" " ind2=" " tag="752"><subfield code="a">United States</subfield><subfield code="b">Texas</subfield><subfield code="c">Jack</subfield><subfield code="d">Jacksboro.</subfield></datafield><datafield ind1="0" ind2=" " tag="775"><subfield code="t">Jacksboro gazette-news</subfield><subfield code="w">(DLC)sn 86089739</subfield></datafield><datafield ind1="0" ind2="4" tag="780"><subfield code="t">Bryson news</subfield><subfield code="w">(DLC)sn 95078916</subfield></datafield></record>